<?xml version="1.0" encoding="UTF-8"?>
<OAI-PMH xmlns="http://www.openarchives.org/OAI/2.0/" xmlns:xsi="http://www.w3.org/2001/XMLSchema-instance" xsi:schemaLocation="http://www.openarchives.org/OAI/2.0/ http://www.openarchives.org/OAI/2.0/OAI-PMH.xsd">
  <ListRecords>
    <record>
      <header>
        <identifier>aleph-publish:021028540</identifier>
      </header>
      <metadata>
        <record xmlns="http://www.ddb.de/professionell/mabxml/mabxml-1.xsd">
          <leader>------M2.01200024------h</leader>
          <controlfield tag="LDR">------M2.01200024------h</controlfield>
          <controlfield tag="FMT">MH</controlfield>
          <datafield tag="001" ind1="-" ind2="1">
            <subfield code="a">HT018857620</subfield>
          </datafield>
          <datafield tag="002" ind1="a" ind2="1">
            <subfield code="a">20160114</subfield>
          </datafield>
          <datafield tag="003" ind1="-" ind2="1">
            <subfield code="a">20180705</subfield>
          </datafield>
          <datafield tag="026" ind1="-" ind2="1">
            <subfield code="a">HBZHT018857620</subfield>
          </datafield>
          <controlfield tag="030">a|zur||||||37</controlfield>
          <datafield tag="036" ind1="a" ind2="1">
            <subfield code="a">DE</subfield>
          </datafield>
          <datafield tag="037" ind1="b" ind2="1">
            <subfield code="a">ger</subfield>
          </datafield>
          <controlfield tag="050">||||||||d|||||</controlfield>
          <controlfield tag="051">m|||||||</controlfield>
          <datafield tag="060" ind1="-" ind2="1">
            <subfield code="b">prm</subfield>
            <subfield code="a">aufgeführte Musik</subfield>
          </datafield>
          <datafield tag="060" ind1="-" ind2="1">
            <subfield code="b">tdi</subfield>
            <subfield code="a">zweidimensionales bewegtes Bild</subfield>
          </datafield>
          <datafield tag="061" ind1="-" ind2="1">
            <subfield code="b">v</subfield>
            <subfield code="a">video</subfield>
          </datafield>
          <datafield tag="062" ind1="-" ind2="1">
            <subfield code="b">vd</subfield>
            <subfield code="a">Videodisk</subfield>
          </datafield>
          <datafield tag="064" ind1="b" ind2="1">
            <subfield code="a">DVD-Video</subfield>
            <subfield code="9">(DE-588)4585125-6</subfield>
          </datafield>
          <datafield tag="070" ind1="-" ind2="1">
            <subfield code="a">Kn 38</subfield>
          </datafield>
          <datafield tag="070" ind1="b" ind2="1">
            <subfield code="a">HBZ/Red</subfield>
          </datafield>
          <datafield tag="080" ind1="-" ind2="1">
            <subfield code="a">60</subfield>
          </datafield>
          <datafield tag="100" ind1="b" ind2="1">
            <subfield code="p">Barenboim, Daniel</subfield>
            <subfield code="d">1942-</subfield>
            <subfield code="4">cnd</subfield>
            <subfield code="3">Dirigent</subfield>
            <subfield code="4">drt</subfield>
            <subfield code="3">Regisseur</subfield>
            <subfield code="9">(DE-588)118506560</subfield>
          </datafield>
          <datafield tag="101" ind1="-" ind2="1">
            <subfield code="p">Barenboim</subfield>
            <subfield code="d">1942-</subfield>
          </datafield>
          <datafield tag="101" ind1="-" ind2="1">
            <subfield code="p">Barenboïm, Daniel</subfield>
            <subfield code="d">1942-</subfield>
          </datafield>
          <datafield tag="104" ind1="b" ind2="1">
            <subfield code="p">Domingo, Plácido</subfield>
            <subfield code="d">1941-</subfield>
            <subfield code="4">sng</subfield>
            <subfield code="3">Sänger</subfield>
            <subfield code="9">(DE-588)118680242</subfield>
          </datafield>
          <datafield tag="105" ind1="-" ind2="1">
            <subfield code="p">Domingo Embil, José Plácido</subfield>
            <subfield code="d">1941-</subfield>
          </datafield>
          <datafield tag="105" ind1="-" ind2="1">
            <subfield code="p">Embil, José Plácido Domingo</subfield>
            <subfield code="d">1941-</subfield>
          </datafield>
          <datafield tag="105" ind1="-" ind2="1">
            <subfield code="p">Domingo, Plácido</subfield>
            <subfield code="d">1941-</subfield>
          </datafield>
          <datafield tag="105" ind1="-" ind2="1">
            <subfield code="p">Domingo, P.</subfield>
            <subfield code="d">1941-</subfield>
          </datafield>
          <datafield tag="105" ind1="-" ind2="1">
            <subfield code="p">Domingo</subfield>
            <subfield code="d">1941-</subfield>
          </datafield>
          <datafield tag="108" ind1="b" ind2="1">
            <subfield code="p">Large, Brian</subfield>
            <subfield code="d">1939-</subfield>
            <subfield code="4">drt</subfield>
            <subfield code="3">Regisseur</subfield>
            <subfield code="9">(DE-588)134751957</subfield>
          </datafield>
          <datafield tag="112" ind1="b" ind2="1">
            <subfield code="p">Birke-Malzer, Hans Peter</subfield>
            <subfield code="4">tlp</subfield>
            <subfield code="3">Fernsehproduzent</subfield>
            <subfield code="9">(DE-588)1138654418</subfield>
          </datafield>
          <datafield tag="113" ind1="-" ind2="1">
            <subfield code="p">Malzer, Hans Peter Birke-</subfield>
          </datafield>
          <datafield tag="113" ind1="-" ind2="1">
            <subfield code="p">Malzer, Hans Peter B.-</subfield>
          </datafield>
          <datafield tag="200" ind1="b" ind2="1">
            <subfield code="k">Berliner Philharmoniker</subfield>
            <subfield code="9">(DE-588)2173862-2</subfield>
          </datafield>
          <datafield tag="201" ind1="-" ind2="1">
            <subfield code="k">Philharmoniker</subfield>
            <subfield code="h">Berliner Philharmoniker</subfield>
          </datafield>
          <datafield tag="201" ind1="-" ind2="1">
            <subfield code="k">Philharmonisches Orchester Berlin</subfield>
            <subfield code="h">Berliner Philharmoniker</subfield>
          </datafield>
          <datafield tag="201" ind1="-" ind2="1">
            <subfield code="k">Berlin Philharmonic Orchestra</subfield>
            <subfield code="h">Berliner Philharmoniker</subfield>
          </datafield>
          <datafield tag="201" ind1="-" ind2="1">
            <subfield code="k">Berlin Philharmonic</subfield>
            <subfield code="h">Berliner Philharmoniker</subfield>
          </datafield>
          <datafield tag="201" ind1="-" ind2="1">
            <subfield code="k">Philharmonic Orchestra Berlin</subfield>
            <subfield code="h">Berliner Philharmoniker</subfield>
          </datafield>
          <datafield tag="201" ind1="-" ind2="1">
            <subfield code="k">Orchestre du Philharmonique Berlin</subfield>
            <subfield code="h">Berliner Philharmoniker</subfield>
          </datafield>
          <datafield tag="201" ind1="-" ind2="1">
            <subfield code="k">Orchestre philharmonique Berlin</subfield>
            <subfield code="h">Berliner Philharmoniker</subfield>
          </datafield>
          <datafield tag="201" ind1="-" ind2="1">
            <subfield code="k">Orquesta Filarmónica Berlin</subfield>
            <subfield code="h">Berliner Philharmoniker</subfield>
          </datafield>
          <datafield tag="201" ind1="-" ind2="1">
            <subfield code="k">Orchestra Filarmonica Berlin</subfield>
            <subfield code="h">Berliner Philharmoniker</subfield>
          </datafield>
          <datafield tag="201" ind1="-" ind2="1">
            <subfield code="k">Stiftung Berliner Philharmoniker</subfield>
          </datafield>
          <datafield tag="303" ind1="t" ind2="1">
            <subfield code="p">Verdi, Giuseppe</subfield>
            <subfield code="d">1813-1901</subfield>
            <subfield code="t">&lt;&lt;La&gt;&gt; forza del destino</subfield>
            <subfield code="u">Ouvertüre</subfield>
            <subfield code="9">(DE-588)300165633</subfield>
          </datafield>
          <datafield tag="303" ind1="t" ind2="1">
            <subfield code="p">Verdi, Giuseppe</subfield>
            <subfield code="d">1813-1901</subfield>
            <subfield code="t">Don Carlos &lt;Io I'ho perduta&gt;</subfield>
            <subfield code="m">Singstimme</subfield>
            <subfield code="m">Orchester</subfield>
            <subfield code="9">(DE-588)1081395184</subfield>
          </datafield>
          <datafield tag="303" ind1="t" ind2="1">
            <subfield code="p">Berlioz, Hector</subfield>
            <subfield code="d">1803-1869</subfield>
            <subfield code="t">&lt;&lt;La&gt;&gt; damnation de Faust</subfield>
            <subfield code="u">Marche hongroise</subfield>
            <subfield code="9">(DE-588)30001922X</subfield>
          </datafield>
          <datafield tag="303" ind1="t" ind2="1">
            <subfield code="p">Berlioz, Hector</subfield>
            <subfield code="d">1803-1869</subfield>
            <subfield code="t">&lt;&lt;La&gt;&gt; damnation de Faust</subfield>
            <subfield code="u">Invocation à la nature</subfield>
            <subfield code="m">Singstimme</subfield>
            <subfield code="m">Orchester</subfield>
            <subfield code="9">(DE-588)1081431687</subfield>
          </datafield>
          <datafield tag="303" ind1="t" ind2="1">
            <subfield code="p">Schubert, Franz</subfield>
            <subfield code="d">1797-1828</subfield>
            <subfield code="t">Sinfonien</subfield>
            <subfield code="n">D 759</subfield>
            <subfield code="r">h-Moll</subfield>
            <subfield code="9">(DE-588)300141777</subfield>
          </datafield>
          <datafield tag="303" ind1="t" ind2="1">
            <subfield code="p">Wagner, Richard</subfield>
            <subfield code="d">1813-1883</subfield>
            <subfield code="t">&lt;&lt;Die&gt;&gt; Meistersinger von Nürnberg</subfield>
            <subfield code="u">Vorspiel</subfield>
            <subfield code="9">(DE-588)300170114</subfield>
          </datafield>
          <datafield tag="303" ind1="t" ind2="1">
            <subfield code="p">Schubert, Franz</subfield>
            <subfield code="d">1797-1828</subfield>
            <subfield code="t">Sinfonien</subfield>
            <subfield code="n">D 759</subfield>
            <subfield code="r">h-Moll</subfield>
            <subfield code="9">(DE-588)300141777</subfield>
          </datafield>
          <datafield tag="303" ind1="t" ind2="1">
            <subfield code="p">Wagner, Richard</subfield>
            <subfield code="d">1813-1883</subfield>
            <subfield code="t">&lt;&lt;Die&gt;&gt; Meistersinger von Nürnberg</subfield>
            <subfield code="u">Vorspiel</subfield>
            <subfield code="9">(DE-588)300170114</subfield>
          </datafield>
          <datafield tag="303" ind1="t" ind2="1">
            <subfield code="p">Wagner, Richard</subfield>
            <subfield code="d">1813-1883</subfield>
            <subfield code="t">&lt;&lt;Der&gt;&gt; Ring des Nibelungen</subfield>
            <subfield code="u">Erster Tag: Die Walküre</subfield>
            <subfield code="u">Winterstürme wichen dem Wonnemond</subfield>
            <subfield code="9">(DE-588)300170602</subfield>
          </datafield>
          <datafield tag="303" ind1="t" ind2="1">
            <subfield code="p">Wagner, Richard</subfield>
            <subfield code="d">1813-1883</subfield>
            <subfield code="t">&lt;&lt;Der&gt;&gt; Ring des Nibelungen</subfield>
            <subfield code="u">Dritter Tag: Götterdämmerung</subfield>
            <subfield code="u">Siegfrieds Rheinfahrt</subfield>
            <subfield code="9">(DE-588)300169892</subfield>
          </datafield>
          <datafield tag="303" ind1="t" ind2="1">
            <subfield code="p">Wagner, Richard</subfield>
            <subfield code="d">1813-1883</subfield>
            <subfield code="t">&lt;&lt;Der&gt;&gt; Ring des Nibelungen</subfield>
            <subfield code="u">Dritter Tag: Götterdämmerung</subfield>
            <subfield code="u">Trauermarsch</subfield>
            <subfield code="9">(DE-588)300169914</subfield>
          </datafield>
          <datafield tag="303" ind1="t" ind2="1">
            <subfield code="p">Wagner, Richard</subfield>
            <subfield code="d">1813-1883</subfield>
            <subfield code="t">&lt;&lt;Der&gt;&gt; Ring des Nibelungen</subfield>
            <subfield code="u">Dritter Tag: Götterdämmerung</subfield>
            <subfield code="u">Siegfrieds Rheinfahrt</subfield>
            <subfield code="9">(DE-588)300169892</subfield>
          </datafield>
          <datafield tag="303" ind1="t" ind2="1">
            <subfield code="p">Wagner, Richard</subfield>
            <subfield code="d">1813-1883</subfield>
            <subfield code="t">&lt;&lt;Der&gt;&gt; Ring des Nibelungen</subfield>
            <subfield code="u">Dritter Tag: Götterdämmerung</subfield>
            <subfield code="u">Trauermarsch</subfield>
            <subfield code="9">(DE-588)300169914</subfield>
          </datafield>
          <datafield tag="331" ind1="-" ind2="1">
            <subfield code="a">European Concert 1992</subfield>
          </datafield>
          <datafield tag="359" ind1="-" ind2="1">
            <subfield code="a">Berliner Philharmoniker. Daniel Barenboim [Dirigent]. Plácido Domingo, tenor</subfield>
          </datafield>
          <datafield tag="419" ind1="-" ind2="1">
            <subfield code="a">[Halle (Saale)]</subfield>
            <subfield code="b">Arthaus</subfield>
            <subfield code="c">[2010]</subfield>
          </datafield>
          <datafield tag="419" ind1="d" ind2="1">
            <subfield code="c">[©2010]</subfield>
          </datafield>
          <datafield tag="425" ind1="a" ind2="1">
            <subfield code="a">2010</subfield>
          </datafield>
          <datafield tag="433" ind1="-" ind2="1">
            <subfield code="a">1 DVD-Video</subfield>
          </datafield>
          <datafield tag="434" ind1="-" ind2="1">
            <subfield code="a">DVD 9, PAL</subfield>
          </datafield>
          <datafield tag="435" ind1="-" ind2="1">
            <subfield code="a">12 cm</subfield>
          </datafield>
          <datafield tag="437" ind1="-" ind2="1">
            <subfield code="a">Beih.</subfield>
          </datafield>
          <datafield tag="440" ind1="-" ind2="1">
            <subfield code="g">stereo</subfield>
          </datafield>
          <datafield tag="443" ind1="-" ind2="1">
            <subfield code="a">Videodatei</subfield>
            <subfield code="e">0</subfield>
          </datafield>
          <datafield tag="501" ind1="-" ind2="1">
            <subfield code="a">PCM stereo, DD 5.1, DTS 5.1, Bildformat: 4:3, Running time: 104 min, DVD 9/PAL</subfield>
          </datafield>
          <datafield tag="501" ind1="-" ind2="1">
            <subfield code="a">Directed by Brian Large. Executive Producers: Hans Peter Birke-Malzer...</subfield>
          </datafield>
          <datafield tag="501" ind1="-" ind2="1">
            <subfield code="a">El Escorial, live from the Basilica of the royal monastary of San Lorenz De El Escorial, 1992</subfield>
          </datafield>
          <datafield tag="521" ind1="-" ind2="1">
            <subfield code="t">La Forza del destino: Overture</subfield>
            <subfield code="r">Giuseppe Verdi</subfield>
          </datafield>
          <datafield tag="521" ind1="-" ind2="1">
            <subfield code="t">Don Carlo: 'Io I'ho perduta'</subfield>
            <subfield code="r">Giuseppe Verdi</subfield>
          </datafield>
          <datafield tag="521" ind1="-" ind2="1">
            <subfield code="t">La damnation de Faust: Marche hongroise</subfield>
            <subfield code="r">Hector Berlioz</subfield>
          </datafield>
          <datafield tag="521" ind1="-" ind2="1">
            <subfield code="t">Symphony no. 7 in b minor: allegro moderato</subfield>
            <subfield code="r">Franz Schubert</subfield>
          </datafield>
          <datafield tag="521" ind1="-" ind2="1">
            <subfield code="t">Die Meistersinger von Nürnberg: Pelude to act I</subfield>
            <subfield code="r">Richard Wagner</subfield>
          </datafield>
          <datafield tag="521" ind1="-" ind2="1">
            <subfield code="t">Die Walküre: 'Winterstürme wichen dem Wonnemond'</subfield>
            <subfield code="r">Richard Wagner</subfield>
          </datafield>
          <datafield tag="521" ind1="-" ind2="1">
            <subfield code="t">Götterdämmerung: Tagesgrauen, Sonnenaufgang, voller Tag, Siegfrieds Rheinfahrt</subfield>
            <subfield code="r">Richard Wagner</subfield>
          </datafield>
          <datafield tag="521" ind1="-" ind2="1">
            <subfield code="t">Götterdämmerung: Siefrieds Tod, Trauermarsch</subfield>
            <subfield code="r">Richard Wagner</subfield>
          </datafield>
          <datafield tag="521" ind1="-" ind2="1">
            <subfield code="t">Götterdämmerung: Schlussszene</subfield>
            <subfield code="r">Richard Wagner</subfield>
          </datafield>
          <datafield tag="551" ind1="a" ind2="1">
            <subfield code="a">107 157</subfield>
          </datafield>
          <datafield tag="553" ind1="a" ind2="1">
            <subfield code="a">8 07280 71579 8</subfield>
          </datafield>
          <controlfield tag="SYS">021028540</controlfield>
          <datafield tag="088" ind1=" " ind2=" ">
            <subfield code="a">Kn 38</subfield>
            <subfield code="c">DV 361</subfield>
            <subfield code="e">Ausleihe/2 W/V</subfield>
          </datafield>
          <datafield tag="700" ind1=" " ind2="9">
            <subfield code="a">TS 11</subfield>
            <subfield code="2">Z9038</subfield>
          </datafield>
        </record>
      </metadata>
    </record>
  </ListRecords>
</OAI-PMH>
